
@article{montoya2002small,
	title = {Small {World} {Patterns} in {Food} {Webs}},
	volume = {214},
	issn = {00225193},
	url = {https://linkinghub.elsevier.com/retrieve/pii/S0022519301924609},
	doi = {10.1006/jtbi.2001.2460},
	language = {en},
	number = {3},
	urldate = {2022-04-26},
	journal = {Journal of Theoretical Biology},
	author = {Montoya, Jose M. and Solé, Ricard V.},
	month = feb,
	year = {2002},
	pages = {405--412},
	file = {Version soumise:C\:\\Users\\margu\\Zotero\\storage\\A8KZJI38\\Montoya et Solé - 2002 - Small World Patterns in Food Webs.pdf:application/pdf},
}
@article{milgram1967small,
  title={The small world problem},
  author={Milgram, Stanley},
  journal={Psychology today},
  volume={2},
  number={1},
  pages={60--67},
  year={1967},
  publisher={New York}
}